
@misc{schrader_gym-sokoban_2018,
	title = {gym-sokoban},
	url = {https://github.com/mpSchrader/gym-sokoban},
	publisher = {GitHub},
	author = {Schrader, Max-Philipp B.},
	year = {2018},
	note = {Publication Title: GitHub repository},
}
